<?xml version="1.0" encoding="UTF-8"?><collection xmlns="http://www.loc.gov/MARC21/slim"><record><leader>00323nam--2200133-i-4500</leader><controlfield tag="001">000050282</controlfield><controlfield tag="002">20161230</controlfield><controlfield tag="005">20161230201048</controlfield><controlfield tag="008">060222s1000------------r-----000-0-eng-d</controlfield><datafield ind1=" " ind2=" " tag="080"><subfield code="a">541.49:541.57</subfield></datafield><datafield ind1=" " ind2=" " tag="100"><subfield code="a">Balhauzen,K</subfield></datafield><datafield ind1=" " ind2=" " tag="245"><subfield code="a">Vvedenie v teoriiu polia ligandov</subfield></datafield><datafield ind1=" " ind2=" " tag="260"><subfield code="a">Moskva, Izd.Mir, 1964. 360 S</subfield></datafield><datafield ind1=" " ind2=" " tag="852"><subfield code="a">9676</subfield></datafield></record></collection>